<?xml version="1.0" encoding="UTF-8"?>
<record xmlns="http://www.loc.gov/MARC21/slim" xmlns:xsi="http://www.w3.org/2001/XMLSchema-instance" xsi:schemaLocation="http://www.loc.gov/MARC21/slim http://www.loc.gov/standards/marcxml/schema/MARC21slim.xsd">
<leader>     cam a2200325 a 4500</leader>
<controlfield tag="001">002177876</controlfield>
<controlfield tag="003">NNU</controlfield>
<controlfield tag="005">20061010172332.0</controlfield>
<controlfield tag="008">930924s1955    ua       b    001 0caraod</controlfield>
<datafield tag="035" ind1="9" ind2=" ">
<subfield code="a">NYUb11210269</subfield>
</datafield>
<datafield tag="035" ind1=" " ind2=" ">
<subfield code="a">(CStRLIN)NYUG93-B45974</subfield>
</datafield>
<datafield tag="040" ind1=" " ind2=" ">
<subfield code="a">NhD</subfield>
<subfield code="c">NhD</subfield>
<subfield code="d">NNU</subfield>
</datafield>
<datafield tag="066" ind1=" " ind2=" ">
<subfield code="c">(3</subfield>
</datafield>
<datafield tag="090" ind1=" " ind2=" ">
<subfield code="a">DS38.4.A2</subfield>
<subfield code="b">M37 1955</subfield>
</datafield>
<datafield tag="100" ind1="1" ind2=" ">
<subfield code="6">880-01</subfield>
<subfield code="a">Maqrīzī, Aḥmad ibn ʻAlī,</subfield>
<subfield code="d">1364-1442.</subfield>
</datafield>
<datafield tag="245" ind1="1" ind2="3">
<subfield code="6">880-02</subfield>
<subfield code="a">al-Dhahab al-masbūk fī dhikr man ḥajja min al-khulafā' wa-al-mulūk /</subfield>
<subfield code="c">taʼlīf Taqī al-Dīn Aḥmad ibn ʻAlī al-Maqrīzī ; nasharahu li-awwal marrah ʻan makhṭūṭāt al-Uskūryāl wa-Istanbūl wa-Bārīs wa-ḥaqqaqahu wa-ʻallaqa ḥawāshīyahu wa-gaddama lahu wa-waḍaʻa fahārisahu Jamāl al-Dīn al-Shayyāl.</subfield>
</datafield>
<datafield tag="260" ind1=" " ind2=" ">
<subfield code="6">880-03</subfield>
<subfield code="a">Miṣr :</subfield>
<subfield code="b">Maktabat al-Khānjī ;</subfield>
<subfield code="a">Baghdād :</subfield>
<subfield code="b">Maktabat al-Muthannā,</subfield>
<subfield code="c">1955.</subfield>
</datafield>
<datafield tag="300" ind1=" " ind2=" ">
<subfield code="a">32, [1], 164 p. ;</subfield>
<subfield code="c">22 cm.</subfield>
</datafield>
<datafield tag="490" ind1="1" ind2=" ">
<subfield code="6">880-04</subfield>
<subfield code="a">Maktabat al-Maqrīzī al-ṣaghīrah ;</subfield>
<subfield code="v">3</subfield>
</datafield>
<datafield tag="504" ind1=" " ind2=" ">
<subfield code="a">Bibliography: p. [27-33] (1st group)</subfield>
</datafield>
<datafield tag="500" ind1=" " ind2=" ">
<subfield code="a">Includes indexes.</subfield>
</datafield>
<datafield tag="651" ind1=" " ind2="0">
<subfield code="a">Islamic Empire</subfield>
<subfield code="x">Kings and rulers</subfield>
<subfield code="v">Biography.</subfield>
</datafield>
<datafield tag="700" ind1="1" ind2=" ">
<subfield code="6">880-05</subfield>
<subfield code="a">Shayyāl, Jamāl al-Dīn.</subfield>
</datafield>
<datafield tag="880" ind1="0" ind2=" ">
<subfield code="6">100-01/</subfield>
<subfield code="a">تقي الدين أحمد بن على المقريزى.</subfield>
</datafield>
<datafield tag="880" ind1="1" ind2="2">
<subfield code="6">245-02/</subfield>
<subfield code="a">الذهب المسبوك فى ذكر من حج من الخلفاء والملوك /</subfield>
<subfield code="c">تأليف تقي الدين أحمد بن على المقريزى ؛ نشره لأول مرة عن مخطوطات الاسكوريال واستنبول وباريس وحققه وعلق حواشيه وقدم له ووضع فهارسه جمال الدين السيال.</subfield>
</datafield>
<datafield tag="880" ind1=" " ind2=" ">
<subfield code="6">260-03/</subfield>
<subfield code="a">مصر :</subfield>
<subfield code="b">مكتبة الخانجى ؛</subfield>
<subfield code="a">بغداد :</subfield>
<subfield code="b">مكتبة المثنى،</subfield>
<subfield code="c">١٩٥٥.</subfield>
</datafield>
<datafield tag="880" ind1="1" ind2=" ">
<subfield code="6">490-04/</subfield>
<subfield code="a">مكتبة المقريزى الصغيرة ؛</subfield>
<subfield code="v">٣</subfield>
</datafield>
<datafield tag="880" ind1="0" ind2=" ">
<subfield code="6">700-05/</subfield>
<subfield code="a">جمال الدين الشيال.</subfield>
</datafield>
<datafield tag="830" ind1=" " ind2="0">
<subfield code="6">880-06</subfield>
<subfield code="a">Maktabat al-Maqrīzī al-ṣaghīrah ;</subfield>
<subfield code="v">3.</subfield>
</datafield>
<datafield tag="880" ind1=" " ind2="0">
<subfield code="6">830-06/</subfield>
<subfield code="a">مكتبة المقريزى الصغيرة ؛</subfield>
<subfield code="v">٣</subfield>
</datafield>
<datafield tag="OWN" ind1=" " ind2=" ">
<subfield code="a">GENERAL</subfield>
</datafield>
<datafield tag="998" ind1=" " ind2=" ">
<subfield code="a">20010213</subfield>
<subfield code="d">19930924</subfield>
<subfield code="d">20041111</subfield>
<subfield code="n">NNU</subfield>
<subfield code="s">1</subfield>
<subfield code="t">c</subfield>
<subfield code="z">p</subfield>
</datafield>
<datafield tag="AVA" ind1=" " ind2=" ">
<subfield code="a">NYU50</subfield>
<subfield code="b">BOBST</subfield>
<subfield code="c">Main Collection</subfield>
<subfield code="d">DS38.4.A2 M37 1955</subfield>
<subfield code="e">unavailable</subfield>
<subfield code="t">Unavailable</subfield>
<subfield code="f">1</subfield>
<subfield code="g">1</subfield>
<subfield code="h">N</subfield>
<subfield code="i">0</subfield>
<subfield code="j">MAIN</subfield>
<subfield code="k">0</subfield>
</datafield>
</record>
